@misc{MIT+Digital+Communication,
 author    = "",
 title     = "MIT 6.451 Principles of Digital Communication II",
 publisher = "OCW",
 year      =  2005,
 address   = "http://ocw.mit.edu/OcwWeb/Electrical-Engineering-and-Computer-Science/6-451Spring-2005/LectureNotes/index.htm",
 annote = "Good for finite fields.Video lectures also available."
}


@misc{jhall,
 author    = "",
 title     = " ",
 publisher = " ",
 address   = "http://www.mth.msu.edu/~jhall/classes/codenotes/coding-notes.html ",
 annote = "Exhaustive lecture notes - almost like a book"
}


@misc{applications,
 author    = "",
 title     = " ",
 publisher = " ",
 address   = "http://www-math.cudenver.edu/~wcherowi/courses/m6409/acln.html",
 annote = "applications"
}

@misc{ldpc+research,
 author    = "",
 title     = " ",
 publisher = " ",
 address   = "http://www.cs.toronto.edu/~radford/res-ecc.html",
 annote = ""
}


@misc{side+channel,
 author    = "Thomas Roche, C´edric Tavernier ",
 title     = "Side channel attacks based on linearapproximations ",
 publisher = " ",
 address   = "http://codingtheory.wordpress.com/",
 annote = "."
}


@misc{fourier,
 author    = "Parikshit Gopalan",
 title     = "A Fourier-analytic approach to Reed-Muller decoding. ",
 publisher = " ",
 address   = "",
 annote = "."
}


@misc{weight+distributions,
 author    = " Tali Kaufman",
 title     = " The List-Decoding Size of Reed-Muller Codes",
 publisher = " ",
 address   = "http://codingtheory.wordpress.com/",
 annote = "weight distributions"
}

@misc{noise+adaptive,
 author    = "Jon Feldman, Ibrahim Abou-Faycal, Matteo Frigo",
 title     = "A Noise-Adaptive Algorithm for First-Order Reed-Muller Decoding",
 publisher = " ",
 address   = "http://codingtheory.wordpress.com/",
 annote = "ieee802.11b"
}
 
@misc{non-minimal,
 author    = "Yuri Borissov, Nickolai Manev ",
 title     = "On the Non-Minimal Codewords in Binary Reed-Muller Codes  ",
 publisher = " ",
 address   = "http://codingtheory.wordpress.com/",
 annote = "expands on sloane macwilliams"
}

@misc{general+RM,
 author    = "Kenneth G􏲹 Paterson􏲷 Member􏲷 IEEE􏲷 and Alan E􏲹 Jones􏲷 Member􏲷 IEEE 
",
 title     = "Effcient Decoding Algorithms for Generalised Reed-Muller Codes",
 publisher = " ",
 address   = "http://codingtheory.wordpress.com/",
 annote = "."
}

@misc{testing,
 author    = "Noga Alon, Tali Kaufman, Michael Krivelevich, Simon Litsyn, Dana Ron ",
 title     = "Testing Reed Muller Codes",
 publisher = " ",
 address   = "http://codingtheory.wordpress.com/",
 annote = "Whether a vector is far enough from codewrods by testing a small number of bits. "
}

@conference{kabatiansky2006list,
  title={{List decoding of first order Reed-Muller codes II}},
  author={Kabatiansky, G. and Tavernier, C.},
  booktitle={Tenth International Workshop on Algebraic and Combinatorial Coding Theory, ACCT},
  pages={131--134},
  year={2006}
}

@conference{dumer2008complexity,
  title={{On complexity of decoding Reed-Muller codes within their code distance}},
  author={Dumer, I. and Kabatiansky, G. and Tavernier, C. and Le Plessis Robinson, F.},
  booktitle={Proc. Eleventh International Workshop on Algebraic and Combinatorial Coding Theory},
  pages={82--85},
  year={2008}
}

@article{codes2007list,
  title={{List Decoding of the First-Order Binary}},
  author={Codes, R.M.},
  journal={PROBLEMS OF INFORMATION TRANSMISSION},
  volume={43},
  number={3},
  year={2007}
}

@book{vanlint,
  title={{A course in combinatorics}},
  author={van Lint, J.H. and Wilson, R.M.},
  year={2001},
  publisher={Cambridge Univ Pr}
}

@misc{sloane,
  title={{The Theory of Correcting Codes}},
  author={Sloane, N. and MacWilliams, F.},
  year={1979},
  publisher={North Holland, Amsterdam}
}



@book{pless,
  title={{Introduction to the theory of error-correcting codes}},
  author={Pless, V.},
  year={1998},
  publisher={Wiley-Interscience}
}

@conference{gopalan2008list,
  title={{List-decoding Reed-Muller codes over small fields}},
  author={Gopalan, P. and Klivans, A.R. and Zuckerman, D.},
  booktitle={Proceedings of the 40th annual ACM symposium on Theory of computing},
  pages={265--274},
  year={2008},
  organization={ACM}
}

@article{dumer2004recursive,
  title={{Recursive decoding and its performance for low-rate Reed-Muller codes}},
  author={Dumer, I.},
  journal={IEEE Transactions on Information Theory},
  volume={50},
  number={5},
  pages={811--823},
  year={2004},
  publisher={Citeseer}
}

@article{forney1999generalized,
  title={{Generalized State Realizations of Reed-Muller Codes}},
  author={Forney Jr, G.D.},
  year={1999},
  publisher={Citeseer}
  annote={Trellis diagram etc}

}


@misc{zuckerman10,
 author    = "David Zuckerman",
 title     = "Lecture notes CS295T, Lecture 10.",
 publisher = " ",
 address   = "http://www.mth.msu.edu/~jhall/classes/codenotes/coding-notes.html ",
 annote = "Johnson proof"
}

@article{kasami,
  title={{On the weight structure of Reed-Muller codes}},
  author={Kasami, T. and Tokura, N.},
  journal={IEEE Transactions on Information Theory},
  volume={16},
  number={6},
  pages={752--759},
  year={1970}
}
